@article{RN13,
   author = {Wesson, K. and Rothlisberger, M. and Humphreys, T.},
   title = {Practical Cryptographic Civil GPS Signal Authentication},
   journal = {NAVIGATION},
   volume = {59},
   number = {3},
   pages = {177-193},
   ISSN = {0028-1522},
   DOI = {https://doi.org/10.1002/navi.14},
   url = {https://onlinelibrary.wiley.com/doi/abs/10.1002/navi.14},
   year = {2012},
   type = {Journal Article}
}

